@article{einstein,
  author   = {Albert Einstein},
  title    = {{Zur Elektrodynamik bewegter K{\"o}rper}. ({German})
	[{On} the electrodynamics of moving bodies]},
  journal  = {Annalen der Physik},
  volume   = {322},
  number   = {10},
  pages    = {891--921},
  year     = {1905},
  doi      = {http://dx.doi.org/10.1002/andp.19053221004},
  keywords = {physics}
}

@misc{html5logo,
    author = {{World Wide Web Consortium}},
    title = {HTML5 Logo},
    year = {2014},
    note = {[Online; Abgerufen am 31. März 2021]},
		url = {https://www.w3.org/html/logo}
}

@misc{eloquentworkflow,
    author = {{XenoX}},
    title = {Eloquent ORM Workflow},
    year = {2020},
    note = {[Online; Abgerufen am 31. März 2021]},
		url = {https://dev.to/xenoxdev/mastering-laravel-eloquent-orm-the-eloquent-journey-part-1-1571}
}

